
@online{data,
	author = {Bernard Marr},
	title = {Whatâ€™s The Difference Between Structured, Semi-Structured And Unstructured Data?},
	date = {2019-10-18},
	url = {https://www.forbes.com/sites/bernardmarr/2019/10/18/whats-the-difference-between-structured-semi-structured-and-unstructured-data/#7064780e2b4d},
	urldate = {2020-08-08},
}

@online{ingest,
	author = {Garrett Alley},
	title = {What is Data Ingestion?},
	date = {2018-08-14},
	url = {https://www.alooma.com/blog/what-is-data-ingestion#:~:text=When%20you%20ingest%20data%20in,daily%20at%20a%20specific%20time.},
	urldate = {2020-08-08},
}

@online{tools,
	author = {imanuel},
	title = {Top 18 Data Ingestion Tools},
	date = {date},
	url = {https://www.predictiveanalyticstoday.com/data-ingestion-tools/},
	urldate = {2020-08-08},
}

@manual{hdf,
	author = {Hortonworks Inc},
	title = {Hortonworks DataFlow},
	date = {2016-12-12},
}

@online{microsoft,
	author = {Margaret Rouse and Adam Hughes and Craig Stedman},
	title = {Microsoft SQL Server},
	date = {2019-06-01},
	url = {https://searchsqlserver.techtarget.com/definition/SQL-Server},
	urldate = {2020-08-08},
}

@online{mongo,
	author = {MongoBD Inc},
	title = {What is MongoDB?},
	date = {date},
	url = {https://www.mongodb.com/what-is-mongodb},
	urldate = {2020-08-08},
}

@online{cassandra,
	author = {Apache Cassandra},
	title = {Documentation},
	date = {date},
	url = {https://cassandra.apache.org/doc/latest/architecture/overview.html},
	urldate = {2020-08-08},
}

@online{saas,
	author = {Aleks Peterson},
	title = {Top 5 Security-as-a-Service Providers},
	date = {2019-12-17},
	url = {https://technologyadvice.com/blog/information-technology/top-5-security-as-a-service-providers/},
	urldate = {2020-08-08},
}

@online{lucene,
	author = {The Apache Software Foundation},
	title = {Apache Lucene},
	date = {date},
	url = {https://lucene.apache.org/core/},
	urldate = {2020-08-13},
}

@online{elastic,
	author = {Elasticsearch B.V.},
	title = {What is Eleasticsearch},
	date = {date},
	url = {https://www.elastic.co/guide/en/elasticsearch/reference/current/elasticsearch-intro.html#elasticsearch-intro},
	urldate = {2020-08-13},
}

@online{fsearch,
	author = {Search and Content Analytics Spotlight},
	title = {Federated Search: The Options},
	date = {date},
	url = {https://www.searchtechnologies.com/blog/federated-search},
	urldate = {2020-08-13},
}

@online{sphinx,
	author = {Andrew Aksyonoff},
	title = {Documentation},
	date = {date},
	url = {http://sphinxsearch.com/docs/sphinx3.html#features-overview},
	urldate = {2020-08-13},
}

@online{terrier,
	author = {University of Glasglow},
	title = {Terrier},
	date = {date},
	url = {http://www.terrier.org/},
	urldate = {2020-08-13},
}

@online{analytics1,
	author = {Margaret Rouse},
	title = {Big Data Analytics},
	date = {2020-07-01},
	url = {https://searchbusinessanalytics.techtarget.com/definition/big-data-analytics},
	urldate = {2020-08-13},
}

@online{analytics2,
	author = {Katarzyna Kempa},
	title = {How to Analyse Big Data? 5 Easy Steps},
	date = {2017-06-20},
	url = {https://sentione.com/blog/how-to-analyze-big-data},
	urldate = {2020-08-13},
}

@online{sas,
	author = {SAS},
	title = {Documentation},
	date = {date},
	url = {http://documentation.sas.com/?cdcId=vacdc&cdcVersion=7.5&docsetId=vaov&docsetTarget=home.htm&locale=en},
	urldate = {2020-08-13},
}

@online{azure,
	author = {Microsoft},
	title = {Azure Machine Learning},
	date = {date},
	url = {https://azure.microsoft.com/en-au/services/machine-learning/},
	urldate = {2020-08-13},
}

@online{aws,
	author = {Amazon Web Services Inc},
	title = {Machine Learning on AWS},
	date = {date},
	url = {https://aws.amazon.com/machine-learning/},
	urldate = {2020-08-13},
}

@online{visual,
	author = {Sandra Durcevic},
	title = {10 Essential Data Visualization Techniques, Concepts \& Methods To Improve Your Business},
	date = {2018-10-05},
	url = {https://www.datapine.com/blog/data-visualization-techniques-concepts-and-methods/},
	urldate = {2020-08-13},
}

@online{gchart,
	author = {Google Inc},
	title = {Using Google Charts},
	date = {date},
	url = {https://developers.google.com/chart/interactive/docs},
	urldate = {2020-08-13},
}

@online{tableu,
	author = {Tableau},
	title = {Tableau Desktop},
	date = {date},
	url = {https://www.tableau.com/products/desktop},
	urldate = {2020-08-13},
}

@online{acess,
	author = {James A Martin},
	title = {What is access control? A key component of data security},
	date = {2019-08-21},
	url = {https://www.csoonline.com/article/3251714/what-is-access-control-a-key-component-of-data-security.html},
	urldate = {2020-08-19},
}
